<?xml version="1.0" encoding="UTF-8"?><collection xmlns="http://www.loc.gov/MARC21/slim"><record><leader>00336nam--2200109-i-4500</leader><controlfield tag="001">000026973</controlfield><controlfield tag="002">20161230</controlfield><controlfield tag="005">20161230201036</controlfield><controlfield tag="008">060222s1000------------r-----000-0-eng-d</controlfield><datafield ind1=" " ind2=" " tag="245"><subfield code="a">54-e exposition d`instruments et materiel scientifiques du 2 au 9 mai 1957.catalogue</subfield></datafield><datafield ind1=" " ind2=" " tag="260"><subfield code="a">Paris, Soc.Francaise De Physique, 1957. 528+87p</subfield></datafield><datafield ind1=" " ind2=" " tag="852"><subfield code="a">12244</subfield></datafield></record></collection>